<?xml version="1.0" encoding="UTF-8"?><collection xmlns="http://www.loc.gov/MARC21/slim"><record><leader>00453nam--2200157-i-4500</leader><controlfield tag="001">000009688</controlfield><controlfield tag="002">20161230</controlfield><controlfield tag="005">20170122234409</controlfield><controlfield tag="008">060222s1000------------r-----000-0-eng-d</controlfield><datafield ind1=" " ind2=" " tag="080"><subfield code="a">591:539.12.04</subfield></datafield><datafield ind1=" " ind2=" " tag="100"><subfield code="a">Adamiker, D</subfield></datafield><datafield ind1=" " ind2=" " tag="245"><subfield code="a">Wholesomeness testing of gamma-irradiated apple juice fed to miniature pigs for one entire year</subfield></datafield><datafield ind1=" " ind2=" " tag="260"><subfield code="a">Seibersdorf</subfield><subfield code="b">Reaktorzentrum</subfield><subfield code="c">1971</subfield></datafield><datafield ind1=" " ind2=" " tag="300"><subfield code="a">Pag.Dif</subfield></datafield><datafield ind1=" " ind2=" " tag="852"><subfield code="a">19633</subfield></datafield><datafield ind1=" " ind2=" " tag="CAT"><subfield code="a">SYS</subfield><subfield code="c">20170122</subfield><subfield code="h">234409</subfield></datafield></record></collection>